%%%%%%%%%%%%%%%%%%%%%%%%%%%%%%%%%%%%%%%%%%%%%%%%%%%%%%%%%%%%%%%%%%%%%
% In English:
%    Bibliography template.
%
% In Portuguese:
%    Modelo de bibliografaa
%
%%%%%%%%%%%%%%%%%%%%%%%%%%%%%%%%%%%%%%%%%%%%%%%%%%%%%%%%%%%%%%%%%%%%%

@misc{paulnotes,
	author  	= {Dawkins, P.},
	title		= {Differential Equations - Eulers Method},
	year	 	= {2003},
        url ={https://tutorial.math.lamar.edu/Classes/DE/EulersMethod.aspx},
        note={Acessado em 24 de Dezembro de 2020}
}


@misc{normalwiki,
	author  	= {Wikipedia contributors},
        publisher={Wikipedia, The Free Encyclopedia},
	title		= {Normal distribution},
        url ={https://en.wikipedia.org/wiki/Normal_distribution},
        note={Acessado em 24 de Dezembro de 2020}
}


@misc{scipy,
    title = {SciPy library },
    note = {Disponível em https://www.scipy.org/scipylib/index.html },
}


@article{RK45,
    title = {A family of embedded Runge-Kutta formulae},
    journal = "Journal of Computational and Applied Mathematics",
    volume = "6",
    number = "1",
    pages = "19 - 26",
    year = "1980",
    issn = "0377-0427",
    doi = "https://doi.org/10.1016/0771-050X(80)90013-3",
    url = "http://www.sciencedirect.com/science/article/pii/0771050X80900133",
    author = "J.R. Dormand and P.J. Prince",
    abstract = "A family of embedded Runge-Kutta formulae RK5 (4) are derived. From these are presented formulae which have (a) ‘small’ principal truncation terms in the fifth order and (b) extended regions of absolute stability."
}


