%% referencias para confecção do relatorio
@misc{paulnotes,
	author  	= {Dawkins, P.},
	title		= {Differential Equations - Eulers Method},
	year	 	= {2003},
        url ={https://tutorial.math.lamar.edu/Classes/DE/EulersMethod.aspx},
        note={Acessado em 24 de Dezembro de 2020}
}


@misc{normalwiki,
	author = {Eric W. Weisstein},
        publisher={MathWorld--A Wolfram Web Resource},
	title= {Normal distribution},
        year={2020},
        url ={https://mathworld.wolfram.com/NormalDistribution.html},
        note={Acessado em 24 de Dezembro de 2020}
}



